<record><leader>00000cas a2200000 a 4500</leader><controlfield tag="001">33005250</controlfield><controlfield tag="008">950818d18801901nyuwr ne      0    0eng c</controlfield><datafield ind1=" " ind2=" " tag="010"><subfield code="a">sn 97063675 </subfield></datafield><datafield ind1=" " ind2=" " tag="040"><subfield code="a">NYS</subfield><subfield code="b">eng</subfield><subfield code="c">NYS</subfield><subfield code="d">OCLCQ</subfield><subfield code="d">OCLCF</subfield><subfield code="d">OCLCO</subfield></datafield><datafield ind1="1" ind2=" " tag="029"><subfield code="a">AU@</subfield><subfield code="b">000025923280</subfield></datafield><datafield ind1=" " ind2=" " tag="042"><subfield code="a">pcc</subfield></datafield><datafield ind1=" " ind2=" " tag="043"><subfield code="a">n-us-ny</subfield></datafield><datafield ind1="0" ind2=" " tag="130"><subfield code="a">Dispatch (Amityville, N.Y. : 1880)</subfield></datafield><datafield ind1="1" ind2="4" tag="245"><subfield code="a">The dispatch.</subfield></datafield><datafield ind1="1" ind2="3" tag="246"><subfield code="a">Amityville dispatch</subfield></datafield><datafield ind1=" " ind2=" " tag="260"><subfield code="a">Amityville, Suffolk County, N.Y. :</subfield><subfield code="b">H. De Languillette and Sidney M. Conklin,</subfield><subfield code="c">1880-</subfield></datafield><datafield ind1=" " ind2=" " tag="300"><subfield code="a">v.</subfield></datafield><datafield ind1=" " ind2=" " tag="310"><subfield code="a">Weekly</subfield></datafield><datafield ind1="0" ind2=" " tag="362"><subfield code="a">Vol. 1, no. 1 (July 6,1880)-</subfield></datafield><datafield ind1="1" ind2=" " tag="362"><subfield code="a">Ceased in 1901?</subfield></datafield><datafield ind1=" " ind2=" " tag="515"><subfield code="a">Numbering is irregular.</subfield></datafield><datafield ind1=" " ind2=" " tag="588"><subfield code="a">Latest issue consulted: Vol. 3, no. 122 (Oct. 31, 1891).</subfield></datafield><datafield ind1=" " ind2="0" tag="651"><subfield code="a">Amityville (N.Y.)</subfield><subfield code="v">Newspapers.</subfield></datafield><datafield ind1=" " ind2="0" tag="651"><subfield code="a">Suffolk County (N.Y.)</subfield><subfield code="v">Newspapers.</subfield></datafield><datafield ind1=" " ind2="7" tag="655"><subfield code="a">Newspapers.</subfield><subfield code="2">fast</subfield><subfield code="0">(OCoLC)fst01423814</subfield></datafield><datafield ind1=" " ind2="7" tag="651"><subfield code="a">New York (State)</subfield><subfield code="z">Amityville.</subfield><subfield code="2">fast</subfield><subfield code="0">(OCoLC)fst01209972</subfield></datafield><datafield ind1=" " ind2="7" tag="651"><subfield code="a">New York (State)</subfield><subfield code="z">Suffolk County.</subfield><subfield code="2">fast</subfield><subfield code="0">(OCoLC)fst01207260</subfield></datafield><datafield ind1=" " ind2=" " tag="752"><subfield code="a">United States</subfield><subfield code="b">New York</subfield><subfield code="c">Suffolk</subfield><subfield code="d">Amityville.</subfield></datafield><datafield ind1="0" ind2="0" tag="785"><subfield code="t">Amityville dispatch</subfield><subfield code="w">(DLC)sn 97063689</subfield><subfield code="w">(OCoLC)31688883</subfield></datafield></record>